# Alias
@string{JASA = {Journal of the Acoustical Society of America}}
@string{TASLP = {IEEE Trans. on Audio, Speech, and Language Processing}}
@string{ISMIR = {Proc. of the International Society for Music Information Retrieval Conference}}

@Misc{OAI-PMH,
  key =		 "OAI-PMH",
  howpublished = {\url{http://www.openarchives.org/pmh/}},
  title =	 "Open Archives Initiative Protocol for Metadata
                  Harvesting"
}

@Misc{DublinCore,
  key =		 "DublinCore",
  title =	 "{Dublin Core} Metadata Initiative",
  howpublished = {\url{http://dublincore.org/}}
}

@Misc{telemetaCREM,
  key =	 "telemetaCREM",
  title =	 "Archives sonores du {CNRS} - {Musée de l'Homme}",
  howpublished = {\url{http://archives.crem-cnrs.fr}}
}

@PhdThesis{BrossierPhD,
  author =	 {Paul Brossier},
  title =	 {Automatic annotation of musical audio for
                  interactive systems},
  school =	 {Centre for Digital music, Queen Mary University of
                  London, UK},
  year =	 2006,
  url = {http://aubio.org/}

}

@inproceedings{yaafe_ISMIR2010,
  author =	 {Mathieu, Benoît and Essid, Slim and Fillon, Thomas
                  and Prado, Jacques and Richard, Gaël},
  title =	 {Yaafe, An Easy To Use And Efficient Audio Feature
                  Extraction Software},
  booktitle =	 {Proc. of the International Society for Music Information Retrieval Conference, Utrecht, Netherlands},
  year =	 2010,
  pages =	 {441-446},
    howpublished = {\url{http://ismir2010.ismir.net/proceedings/ismir2010-75.pdf}}
}

@Misc{vamp-plugins,
   title =	 {The {Vamp} audio analysis plugin system},
  howpublished = {\url{http://www.vamp-plugins.org}}
}

@Misc{Simonnot_ICTM_2014,
  author = 	 {Simonnot, Joséphine and Mifune, Marie-France and Lambert, Jean},
  title = 	 {TELEMETA: Resources of an online archive of ethnomusicological recordings},
  howpublished = {Panel presented at ICTM Study Group on Historical Sources of Traditional Music, Aveiro, Portugal, May 12-17 2014},
   year =	 2014}

@Article{Simmonot_IASA_2011,
  author = 	 {Simonnot, Joséphine},
  title = 	 {{TELEMETA}: an audio Content Management System for the Web},
  journal = 	 {International Association of Sound and Audiovisual Archives journal},
  year = 	 2011,
  volume = 	 36,
  month = 	 {jan}}

@Article{Julien_IASA_2011,
  author = 	 {Julien Da Cruz Lima, Aude},
  title = 	 {The {CNRS} — {M}usée de l’{H}omme audio archives: a short introduction},
  journal = 	 {International Association of Sound and Audiovisual Archives journal},
  year = 	 2011,
  volume = 	 36,
  month = 	 {jan}}


@article{Gomez_JNMR_2013,
author = {Gómez, Emilia and Herrera, Perfecto and Gómez-Martin, Francisco},
title = {Computational Ethnomusicology: perspectives and challenges},
journal = {Journal of New Music Research},
volume = {42},
number = {2},
pages = {111-112},
year = {2013},
doi = {10.1080/09298215.2013.818038},

URL = {http://www.tandfonline.com/doi/abs/10.1080/09298215.2013.818038},
eprint = {http://www.tandfonline.com/doi/pdf/10.1080/09298215.2013.818038}
}

@Article{Tzanetakis_2007_JIMS,
  author = 	 {Tzanetakis, George and Kapur, Ajay and Schloss, W. Andrew and Wright, Matthew},
  title = 	 {Computational ethnomusicology},
  journal = 	 {Journal of Interdisciplinary Music Studies},
  year = 	 2007,
  volume = 	 1,
  number = 	 2,
  pages = 	 {1-24},
  url  = {http://www.musicstudies.org/CompEthno_JIMS_071201.pdf},
}

@article{barras2006multistage,
  title={Multistage speaker diarization of broadcast news},
  author={Barras, Claude and Zhu, Xuan and Meignier, Sylvain and Gauvain, J},
  journal=TASLP,
  volume=14,
  number=5,
  pages={1505--1512},
  year=2006,
  publisher={IEEE}
}

@inproceedings{cannam2006sonic,
  title={The Sonic Visualiser: A Visualisation Platform for Semantic Descriptors from Musical Signals.},
  author={Cannam, Chris and Landone, Christian and Sandler, Mark B and Bello, Juan Pablo},
  booktitle={Proc. of the International Society for Music Information Retrieval Conference},
  pages={324--327},
  year=2006
}


@Article{DeCheveigne2002,
  author = 	 {De Cheveigné, A. and Kawahara, H.},
  title = 	 {YIN, a Fundamental Frequency Estimator for Speech and Music},
  journal = 	 JASA,
  year = 	 2002,
  volume = 	 111,
  number = 	 4,
  pages = 	 {1917-1930}}



@Article{Houtgast1985,
  author = 	 {Houtgast T. and Steeneken, J. M. },
  title = 	 {{A Review of the MTF Concept in Room Acoustics and its Use for Estimating Speech Intelligibility in Auditoria}},
  journal = 	 JASA,
  year = 	 1985,
  volume = 	 77,
  number = 	 3,
  pages = 	 {1069-1077}}



@Article{Lachambre2011,
  author = 	 {Lachambre, Hélène and Pinquier, Julien and André-Obrecht, Régine},
  title = 	 {Distinguishing Monophonies from Polyphonies using {W}eibull {B}ivariate Distributions},
  journal = 	 TASLP,
  year = 	 2011,
  volume = 	 19,
  number = 	 6,
  pages = 	 {1837-1842},
  month = 	 {august}}



@Article{Obrecht1988,
  author = 	 {André-Obrecht, Régine},
  title = 	 {A New Statistical Approach for Automatic Speech Segmentation},
  journal = 	 {IEEE Trans. on Audio, Speech, and Signal Processing},
  year = 	 1988,
  volume = 	 36,
  number = 	 1,
  pages = 	 {29-40},
  month = 	 {january}}

@InProceedings{Pinquier2003,
  author = 	 {Pinquier, Julien and Rouas, Jean-Luc and André-Obrecht, Régine},
  title = 	 {A Fusion Study in Speech / Music Classification},
  booktitle = {IEEE International Conference on Audio, Speech and Signal Processing, Hong-Kong, China},
  year = 	 2003,
  month = 	 {april}}

@Article{Urban88,
  author = 	 {Urban, Greg},
  title = 	 {{Ritual Wailing in Amerindian Brazil}},
  journal = 	 {American Anthropologist},
  year = 	 1988,
  volume = 	 90,
  number = 	 2,
  pages = 	 {385-400}}

@article{taxonomy_sachs,
 author        = {E. v. Hornbostel and C. Sachs},
 title        = {The classification of musical instruments},
 journal     = {Galpin Society Journal},
 year        = 1961,
 volume        = 3,
 number        = 25,
 pages        = {3--29}
}

@article{taxonomy_sachs2,
 author        = {E. v. Hornbostel and C. Sachs},
 title        = {Systematik der Musikinstrumente},
 journal     = {Zeitschrift für Ethnologie},
 year        = {1914},
 volume        = {46},
 number        = {},
 pages        = {553--590}
}

 @article{timbre_toolbox,
 author		= {G. Peeters and B. Giordano and P. Susini and N. Misdariis and S. McAdams},
 title		= {The Timbre Toolbox: Audio descriptors of musical signals},
 journal 	= JASA,
 year		= {2011},
 month		= {Nov.},
 volume		= {5},
 number		= {130},
 pages		= {2902--2916}
}


@book{lda_book,
 author		= {T. W. Anderson},
 title 		= {An Introduction to Multivariate Statistical Analysis},
 publisher 	= {Wiley-Blackwell},
 year		= {1958},
 edition	= {},
 address	= {New York, USA}
}

@inproceedings{aes_irmfsp,
 author		= {G. Peeters},
 booktitle	= {115th convention of AES},
 title		= {Automatic classification of large musical instrument databases using hierarchical classifiers with intertia ratio maximization},
 year		= {2003},
 month		= {Oct.},
 address	= {New York, USA}
}

@inproceedings{ismir14_dfourer,
 author		= {D. Fourer and J-L. Rouas and Pierre Hanna and Matthias Robine},
 booktitle	= {Proc. International Society for Music Information Retrieval Conference (ISMIR'2014)},
 title		= {Automatic timbre classification of ethnomusicological audio recordings},
 year		= 2014,
 month		= {Oct.},
 address	= {Taipei, Taiwan},
 note = {Accepted for publication}
}


@InBook{Dournon92,
  author = 	 {Dournon, Geneviève},
  title = 	 {The New Grove Handbook in Music},
  chapter = 	 {"Organology", Ethnomusicology, an  Introduction},
  publisher = 	 {Macmillan Press},
  year = 	 1992,
  edition = 	 {DOURNON, Geneviève},
  pages = 	 {245-300}}

@inproceedings{gravier2012etape,
  title={The ETAPE corpus for the evaluation of speech-based TV content processing in the French language},
  author={Gravier, Guillaume and Adda, Gilles and Paulson, Niklas and Carr{\'e}, Matthieu and Giraudel, Aude and Galibert, Olivier and others},
  booktitle={International Conference on Language Resources, Evaluation and Corpora},
  year=2012
}



