% Example bibtex file for ISMIR Template

@INPROCEEDINGS{Author:00,
	AUTHOR = {E. Author},
	TITLE = {The Title of the Conference Paper},
	BOOKTITLE = {Proceedings of the International Symposium
		on Music Information Retrieval},
	PAGES = {000--111},
	YEAR = {2000},
	}

@ARTICLE{Someone:10,
	AUTHOR = {A. Someone and B. Someone and C. Someone},
	TITLE = {The Title of the Journal Paper},
	JOURNAL = {Journal of New Music Research},
	VOLUME = {A},
	NUMBER = {B},
	PAGES = {111--222},
	YEAR = {2010},
	}

@BOOK{Someone:04,
	AUTHOR = {X. Someone and Y. Someone},
	TITLE = {The Title of the Book},
	PUBLISHER = {Editorial Acme},
	ADDRESS = {Porto},
	YEAR = {2012},
	}

	
@Misc{OAI-PMH,
  key =		 "OAI-PMH",
  howpublished = {\url{http://www.openarchives.org/pmh/}},
  title =	 "Open Archives Initiative Protocol for Metadata
                  Harvesting"
}

@Misc{DublinCore,
  key =		 "DublinCore",
  title =	 "{Dublin Core} Metadata Initiative",
  howpublished = {\url{http://dublincore.org/}}
}

@Misc{telemeta,
  key =		 "Telemeta",
  title =	 "Telemeta, a collaborative multimedia platform dedicated to musicology",
  howpublished = {\url{http://telemeta.org}}
}

@Misc{aubio,
  key =		 "Aubio",
  title =	 "aubio, a library for audio labelling",
  howpublished = {\url{https://aubio.org/}}
}


@Misc{telemetaCREM,
  key =	 "telemetaCREM",
  title =	 "Archives sonores du {CNRS} - {Musée de l'Homme}",
  howpublished = {\url{http://archives.crem-cnrs.fr}}
}

@PhdThesis{BrossierPhD,
  author =	 {Paul Brossier},
  title =	 {Automatic annotation of musical audio for
                  interactive systems},
  school =	 {Centre for Digital music, Queen Mary University of
                  London, UK},
  year =	 2006,
  url = {http://aubio.org/}

}

@inproceedings{yaafe_ISMIR2010,
  author =	 {Mathieu, Benoit and Essid, Slim and Fillon, Thomas
                  and Prado, Jacques and Richard, Gaël},
  title =	 {Yaafe, An Easy To Use And Efficient Audio Feature
                  Extraction Software},
  booktitle =	 {Proc. of ISMIR 2010, Utrecht, Netherlands},
  year =	 2010,
  pages =	 {441-446},
  publisher =	 {International Society for Music Information
                  Retrieval},
  howpublished = {\url{http://ismir2010.ismir.net/proceedings/ismir2010-75.pdf}}
}

@Misc{vamp-plugins,
   title =	 {The {Vamp} audio analysis plugin system},
  howpublished = {\url{http://www.vamp-plugins.org}}
}

@Misc{essentia,
   title =	 {Open-source library and tools for audio and music analysis, description and synthesis},
  howpublished = {\url{http://essentia.upf.edu/documentation/}}
}


@Misc{librosa,
   title =	 {LibROSA is a python package for music and audio analysis},
  howpublished = {\url{https://librosa.github.io/librosa/}}
}


@Misc{Simonnot_ICTM_2014,
  author = 	 {Simonnot, Joséphine and Mifune, Marie-France and Lambert, Jean},
  title = 	 {TELEMETA: Resources of an online archive of ethnomusicological recordings},
  howpublished = {Panel accepted at ICTM Study Group on Historical Sources of Traditional Music, Aveiro, Portugal, May 12-17 2014},
   year =	 2014}

@Article{Simmonot_IASA_2011,
  author = 	 {Simonnot, Joséphine},
  title = 	 {{TELEMETA}: an audio Content Management System for the Web},
  journal = 	 {International Association of Sound and Audiovisual Archives journal},
  year = 	 2011,
  volume = 	 36,
  month = 	 {jan}}

@Article{Julien_IASA_2011,
  author = 	 {Julien Da Cruz Lima, Aude},
  title = 	 {The {CNRS} — {M}usée de l’{H}omme audio archives: a short introduction},
  journal = 	 {International Association of Sound and Audiovisual Archives journal},
  year = 	 2011,
  volume = 	 36,
  month = 	 {jan}}


@article{Gomez_JNMR_2013,
author = {Gómez, Emilia and Herrera, Perfecto and Gómez-Martin, Francisco},
title = {Computational Ethnomusicology: perspectives and challenges},
journal = {Journal of New Music Research},
volume = {42},
number = {2},
pages = {111-112},
year = {2013},
doi = {10.1080/09298215.2013.818038},

URL = {http://www.tandfonline.com/doi/abs/10.1080/09298215.2013.818038},
eprint = {http://www.tandfonline.com/doi/pdf/10.1080/09298215.2013.818038}
}

@Article{Tzanetakis_2007_JIMS,
  author = 	 {Tzanetakis, George and Kapur, Ajay and Schloss, W. Andrew and Wright, Matthew},
  title = 	 {Computational ethnomusicology},
  journal = 	 {Journal of Interdisciplinary Music Studies},
  year = 	 2007,
  volume = 	 1,
  number = 	 2,
  pages = 	 {1-24},
  url  = {http://www.musicstudies.org/CompEthno_JIMS_071201.pdf},
}

@Misc{Pellerin_AES_2014,
  author = 	 {Pellerin, Guillaume and Fillon, Thomas and Brossier, Paul and Simonnot Joséohine},
  title = 	 {TELEMETA : open web audio platform for sound archives in the use case of ethnomusicology},
  howpublished = {Panel accepted at the 53rd AES Convention on Semantic Audio, London, UK, January 26-29, 2014},
   year =	 2014}

