@Misc{OAI-PMH,
  key =		 "OAI-PMH",
  howpublished = {\url{http://www.openarchives.org/pmh/}},
  title =	 "Open Archives Initiative Protocol for Metadata
                  Harvesting"
}

@Misc{DublinCore,
  key =		 "DublinCore",
  title =	 "{Dublin Core} Metadata Initiative",
  howpublished = {\url{http://dublincore.org/}}
}

@Misc{telemetaCREM,
  key =	 "telemetaCREM",
  title =	 "Archives sonores du {CNRS} - {Musée de l'Homme}",
  howpublished = {\url{http://archives.crem-cnrs.fr}}
}

@PhdThesis{BrossierPhD,
  author =	 {Paul Brossier},
  title =	 {Automatic annotation of musical audio for
                  interactive systems},
  school =	 {Centre for Digital music, Queen Mary University of
                  London, UK},
  year =	 2006
}

@inproceedings{yaafe_ISMIR2010,
  author =	 {Mathieu, Benoît and Essid, Slim and Fillon, Thomas
                  and Prado, Jacques and Richard, Gaël},
  title =	 {Yaafe, An Easy To Use And Efficient Audio Feature
                  Extraction Software},
  booktitle =	 {Proc. of ISMIR 2010, Utrecht, Netherlands},
  year =	 2010,
  pages =	 {441-446},
  publisher =	 {International Society for Music Information
                  Retrieval},
  howpublished = {\url{http://ismir2010.ismir.net/proceedings/ismir2010-75.pdf}}
}

@Misc{vamp-plugins,
  key =		 {vamp},
  title =	 {The {Vamp} audio analysis plugin system},
  howpublished = {\url{http://www.vamp-plugins.org}}
}
