@Misc{OAI-PMH,
  key =		 "OAI-PMH",
  url =		 "http://www.openarchives.org/pmh/",
  title =	 "Open Archives Initiative Protocol for Metadata
                  Harvesting"
}


@Misc{DublinCore,
  key =		 "DublinCore",
  title =	 "{Dublin Core} Metadata Initiative",
  url =		 "http://dublincore.org/"
}



@Misc{telemetaCREM,
  key =	 "telemetaCREM",
  title =	 "Archives sonores du {CNRS} - {Mus√©e de l'Homme}",
  url =		 "http://archives.crem-cnrs.fr"}

